@article{Chen2018,
  author = {陈倩倩 and 杨栋 and 黄颖 and others},
  title = {宁波市不同区分类垃圾组成与理化特性研究},
  journal = {环境科学学报},
  year = {2018},
  volume = {38},
  number = {3},
  pages = {1064--1070}
}

@article{Ma2019,
  author = {马仕君 and 周传斌 and 杨光 and others},
  title = {城市生活垃圾填埋场的物质存量特征及其环境影响：以粤港澳大湾区为例},
  journal = {环境科学},
  year = {2019},
  volume = {40},
  number = {12},
  pages = {5593--5603}
}

@article{Gao2018,
  author = {高健聪 and 蒋沁芝 and 聂正同 and others},
  title = {深圳市生活垃圾处理社会总成本的核算和预测},
  journal = {数学建模及其应用},
  year = {2018},
  volume = {7},
  number = {2},
  pages = {59}
}

@misc{Shanghai2025,
  author = {上海里能信息技术有限公司},
  title = {废品站},
  howpublished = {\url{https://www.feipinzhan.com/quote/}},
  year = {2025},
  note = {访问日期：2025-01-25}
}

@misc{Beijing2025,
  author = {北京摩迅筑路机械有限公司},
  title = {中国路面机械网},
  howpublished = {\url{https://zj.lmjx.net/param/lajiche/}},
  year = {2025},
  note = {访问日期：2025-01-25}
}
